<record><leader>00000cas a2200000 a 4500</leader><controlfield tag="001">12378410</controlfield><controlfield tag="008">850813d19061918ksuwr ne      0    0eng d</controlfield><datafield ind1=" " ind2=" " tag="010"><subfield code="a">sn 85031765 </subfield></datafield><datafield ind1=" " ind2=" " tag="040"><subfield code="a">KSH</subfield><subfield code="b">eng</subfield><subfield code="c">KSH</subfield><subfield code="d">NPT</subfield><subfield code="d">OCL</subfield><subfield code="d">OCLCQ</subfield></datafield><datafield ind1=" " ind2=" " tag="042"><subfield code="a">msc</subfield></datafield><datafield ind1="0" ind2="4" tag="245"><subfield code="a">The Alden journal.</subfield></datafield><datafield ind1=" " ind2=" " tag="260"><subfield code="a">Alden, Kan. :</subfield><subfield code="b">J. Melvin Little, M.D.,</subfield><subfield code="c">1906-1918.</subfield></datafield><datafield ind1=" " ind2=" " tag="300"><subfield code="a">14 v. :</subfield><subfield code="b">ill. ;</subfield><subfield code="c">49-58 cm.</subfield></datafield><datafield ind1=" " ind2=" " tag="310"><subfield code="a">Weekly</subfield></datafield><datafield ind1="0" ind2=" " tag="362"><subfield code="a">Vol. 1, no. 39 (Mar. 1, 1906)-v. 14, no. 35 (Feb. 28, 1918).</subfield></datafield><datafield ind1=" " ind2=" " tag="500"><subfield code="a">Published by: Wirtie Willet, May 30, 1907-Sept. 3, 1908; Percy Torrey, Sept. 10, 1908- ; J.H. Meyers, -Feb. 28, 1918.</subfield></datafield><datafield ind1=" " ind2=" " tag="752"><subfield code="a">United States</subfield><subfield code="b">Kansas</subfield><subfield code="c">Rice</subfield><subfield code="d">Alden.</subfield></datafield><datafield ind1="0" ind2="0" tag="780"><subfield code="t">Alden star-journal</subfield><subfield code="w">(DLC)sn 85031763</subfield></datafield></record>